<record><leader>00000cas a22000007a 4500</leader><controlfield tag="001">14283515</controlfield><controlfield tag="008">860930d18741876inusr ne      0    0eng d</controlfield><datafield ind1=" " ind2=" " tag="010"><subfield code="a">sn 86058775 </subfield></datafield><datafield ind1=" " ind2=" " tag="040"><subfield code="a">NPI</subfield><subfield code="b">eng</subfield><subfield code="c">NPI</subfield><subfield code="d">OCLCQ</subfield><subfield code="d">IUL</subfield><subfield code="d">OCLCF</subfield></datafield><datafield ind1=" " ind2=" " tag="042"><subfield code="a">msc</subfield></datafield><datafield ind1=" " ind2=" " tag="043"><subfield code="a">n-us-in</subfield></datafield><datafield ind1="0" ind2="4" tag="245"><subfield code="a">The Clarksburg spy.</subfield></datafield><datafield ind1=" " ind2=" " tag="260"><subfield code="a">Clark's Prairie, Ind. :</subfield><subfield code="b">J.V. Smith &amp; Co.</subfield></datafield><datafield ind1=" " ind2=" " tag="300"><subfield code="a">v.</subfield></datafield><datafield ind1=" " ind2=" " tag="310"><subfield code="a">Semimonthly</subfield></datafield><datafield ind1="1" ind2=" " tag="362"><subfield code="a">Began in Apr. 1874; ceased in 1876?</subfield></datafield><datafield ind1=" " ind2=" " tag="588"><subfield code="a">Description based on: Vol. 2, no. 4 (May 1, 1874).</subfield></datafield><datafield ind1=" " ind2="0" tag="651"><subfield code="a">Odon (Ind.)</subfield><subfield code="v">Newspapers.</subfield></datafield><datafield ind1=" " ind2="0" tag="651"><subfield code="a">Daviess County (Ind.)</subfield><subfield code="v">Newspapers.</subfield></datafield><datafield ind1=" " ind2="7" tag="651"><subfield code="a">Indiana</subfield><subfield code="z">Daviess County.</subfield><subfield code="2">fast</subfield><subfield code="0">(OCoLC)fst01218136</subfield></datafield><datafield ind1=" " ind2="7" tag="651"><subfield code="a">Indiana</subfield><subfield code="z">Odon.</subfield><subfield code="2">fast</subfield><subfield code="0">(OCoLC)fst01280556</subfield></datafield><datafield ind1=" " ind2="7" tag="655"><subfield code="a">Newspapers.</subfield><subfield code="2">fast</subfield><subfield code="0">(OCoLC)fst01423814</subfield></datafield><datafield ind1=" " ind2=" " tag="752"><subfield code="a">United States</subfield><subfield code="b">Indiana</subfield><subfield code="c">Daviess</subfield><subfield code="d">Clark's Prairie.</subfield></datafield><datafield ind1="0" ind2="0" tag="780"><subfield code="t">Spy (Clark's Prairie, Ind.)</subfield><subfield code="w">(DLC)sn 86058774</subfield><subfield code="w">(OCoLC)14227659</subfield></datafield><datafield ind1="0" ind2="0" tag="785"><subfield code="t">Clarksburg weekly spy</subfield><subfield code="w">(DLC)sn 86058776</subfield><subfield code="w">(OCoLC)14283527</subfield></datafield></record>